%containing a complete list of books and other publications that are either explicitly referred to in the text, or which are recommended for further reading on the topic

@article{RN3,
   author = {
   Balzarolo, 
   Manuela and Anderson, 
   Karen and Nichol,
   Caroline and Rossini, 
   Micol and Vescovo, 
   Loris and Arriga, 
   Nicola and Wohlfahrt, 
   Georg and Calvet, 
   Jean-Christophe and Carrara, 
   Arnaud and Cerasoli, 
   Sofia and Cogliati, 
   Sergio and Daumard, 
   Fabrice and Eklundh, 
   Lars and Elbers, 
   Jan A. and Evrendilek, 
   Fatih and Handcock, 
   Rebecca N. and Kaduk, 
   Jörg and Klumpp, 
   Katja and Longdoz, 
   Bernard and Matteucci, 
   Giorgio and Meroni, 
   Michele and Montagnani, 
   Lenoardo and Ourcival, 
   Jean-Marc and Sánchez-Cañete, 
   Enrique P. and Pontailler, 
   Jean-Yves and Juszczak, 
   Radoslaw and Scholes, 
   Bob and Martín, 
   M. Pilar},
   title = {Ground-Based Optical Measurements at European Flux Sites: A Review of Methods, Instruments and Current Controversies},
   volume = {11},
   number = {8},
   pages = {7954-7981},
   ISSN = {1424-8220},
   year = {2011},
   type = {Journal Article}
}

@article{RN1,
   author = {Holland, K. H. and Lamb, D. W. and Schepers, J. S.},
   title = {Radiometry of Proximal Active Optical Sensors (AOS) for Agricultural Sensing},
   journal = {IEEE Journal of Selected Topics in Applied Earth Observations and Remote Sensing},
   volume = {5},
   number = {6},
   pages = {1793-1802},
   ISSN = {1939-1404},
   DOI = {10.1109/JSTARS.2012.2198049},
   year = {2012},
   type = {Journal Article}
}

@article{RN5,
   author = {Kim, Jongmin and Ryu, Youngryel and Jiang, Chongya and Hwang, Yorum},
   title = {Continuous observation of vegetation canopy dynamics using an integrated low-cost, near-surface remote sensing system},
   journal = {Agricultural and Forest Meteorology},
   volume = {264},
   pages = {164-177},
   ISSN = {0168-1923},
   DOI = {https://doi.org/10.1016/j.agrformet.2018.09.014},
   year = {2019},
   type = {Journal Article}
}

@article{RN4,
   author = {Yan, Guangjian and Hu, Ronghai and Luo, Jinghui and Weiss, Marie and Jiang, Hailan and Mu, Xihan and Xie, Donghui and Zhang, Wuming},
   title = {Review of indirect optical measurements of leaf area index: Recent advances, challenges, and perspectives},
   journal = {Agricultural and Forest Meteorology},
   volume = {265},
   pages = {390-411},
   ISSN = {0168-1923},
   DOI = {https://doi.org/10.1016/j.agrformet.2018.11.033},
   year = {2019},
   type = {Journal Article}
}

@article{RN2,
   author = {Zheng, Guang and Moskal, L. Monika},
   title = {Retrieving Leaf Area Index (LAI) Using Remote Sensing: Theories, Methods and Sensors},
   volume = {9},
   number = {4},
   pages = {2719-2745},
   ISSN = {1424-8220},
   year = {2009},
   type = {Journal Article}
}

@article{RN6,
   author = {Zhu, Xi and Skidmore, Andrew K. and Wang, Tiejun and Liu, Jing and Darvishzadeh, Roshanak and Shi, Yifang and Premier, Joe and Heurich, Marco},
   title = {Improving leaf area index (LAI) estimation by correcting for clumping and woody effects using terrestrial laser scanning},
   journal = {Agricultural and Forest Meteorology},
   volume = {263},
   pages = {276-286},
   ISSN = {0168-1923},
   DOI = {https://doi.org/10.1016/j.agrformet.2018.08.026},
   year = {2018},
   type = {Journal Article}
}
